@ARTICLE{vbku10,
   author = {Von Butterhausen, Kaiser and Bear, U.~C.},
   title = {When to get food from the trash: optimization},
   journal = {Canubus},
   volume = {10},
   pages = {2-5},
   year = {2017}
}